@book{lawvere2009conceptual,
  author = {Lawvere, F. W. and Schanuel, S. H.},
  title = {Conceptual Mathematics},
  edition = {2nd},
  publisher = {Cambridge University Press},
  year = {2009}
}
@book{mac2013categories,
  author = {Mac Lane, S.},
  title = {Categories for the Working Mathematician},
  edition = {2nd},
  publisher = {Springer},
  year = {2013}
}
@book{illusie1971complexe,
  author = {Illusie, L.},
  title = {Complexe Cotangent et D\'eformations I},
  publisher = {Springer},
  year = {1971}
}
@book{lurie2009higher,
  author = {Lurie, J.},
  title = {Higher Topos Theory},
  publisher = {Princeton University Press},
  year = {2009}
}
@book{milewski2019category,
  author = {Milewski, B.},
  title = {Category Theory for Programmers},
  publisher = {Blurb},
  year = {2019}
}
@article{hairer2014theory,
  author = {Hairer, M.},
  title = {A Theory of Regularity Structures},
  journal = {Inventiones Mathematicae},
  year = {2014}
}
@book{daprato2014stochastic,
  author = {Da Prato, G. and Zabczyk, J.},
  title = {Stochastic Equations in Infinite Dimensions},
  edition = {2nd},
  publisher = {Cambridge University Press},
  year = {2014}
}
